@article{mozillaIFT,
	author   = {{MDN contributors}},
	title    = {Image file type and format guide},
	journal  = {MDN Web Docs},
	date     = {2021-05-18},
	url      = {https://developer.mozilla.org/en-US/docs/Web/Media/Formats/Image_types},
	keywords = {image types},
}

@article{libpng,
	author   = {Greg Roelofs},
	title    = {Portable Network Graphics},
	date     = {2020-08-08},
	url      = {2021-07-27.org/pub/png/},
	keywords = {png, official},
}

@online{jpeg,
	author   = {{Joint Photographic Experts Group}},
	title    = {Overview of JPEG 1},
	date     = {2021-07-27},
	url      = {https://jpeg.org/jpeg/},
	keywords = {jpeg, official},
}

@online{jpgYT,
	author   = {Mike Pound},
	editor   = {Sean Riley},
	title    = {JPEG 'files' \& Colour (JPEG Pt1)- Computerphile},
	date     = {2015-04-22},
	url      = {https://www.youtube.com/watch?v=n_uNPbdenRs},
	keywords = {jpeg, file types},
}

@online{colorYT,
	author   = {Mike Pound},
	editor   = {Sean Riley},
	title    = {Colourspaces (JPEG Pt0)- Computerphile},
	date     = {2015-04-10},
	url      = {https://www.youtube.com/watch?v=LFXN9PiOGtY},
	keywords = {ycbcr, rgb},
}

@online{dctYT,
	author   = {Mike Pound},
	editor   = {Sean Riley},
	title    = {JPEG DCT, Discrete Cosine Transform (JPEG Pt2)- Computerphile},
	date     = {2015-05-22},
	url      = {https://www.youtube.com/watch?v=Q2aEzeMDHMA},
	keywords = {dct},
}

@online{lzYT,
	author   = {David Brailsford},
	editor   = {Sean Riley},
	title    = {Elegant Compression in Text (The LZ 77 Method)},
	date     = {2013-09-01},
	url      = {https://www.youtube.com/watch?v=goOa3DGezUA},
	keywords = {lz77},
}

@article{dctProcessing,
	author   = {{Programming Techniques}},
	title    = {Discrete Cosine Transform and JPEG compression : Image Processing},
	journal  = {Following Tutorials},
	date     = {2014-02-07},
	url      = {https://followtutorials.com/2014/02/discrete-cosine-transform-and-jpeg-compression-image-processing.html},
	keywords = {dct, practical},
}

@article{fourier,
	author   = {Kalid Azad},
	title    = {An Interactive Guide To The Fourier Transform},
	journal  = {Better Explained},
	year     = {2012},
	url      = {https://betterexplained.com/articles/an-interactive-guide-to-the-fourier-transform/},
	keywords = {fourier},
}

@article{huffman,
	title    = {Huffman Coding},
	journal  = {Programiz},
	url      = {https://www.programiz.com/dsa/huffman-coding},
	keywords = {huffman, pratical},
}

@article{googleAI,
	author   = {Nick Johnston and David Minnen},
	title    = {Image Compression with Neural Networks},
	journal  = {Google AI Blog},
	date     = {2016-09-29},
	url      = {https://ai.googleblog.com/2016/09/image-compression-with-neural-networks.html},
	keywords = {ai},
}

@online{lzMS,
	title    = {LZ77 Compression Algorithm},
	date     = {2021-06-25},
	url      = {https://docs.microsoft.com/en-us/openspecs/windows_protocols/ms-wusp/fb98aa28-5cd7-407f-8869-a6cef1ff1ccb},
	keywords = {lz77},
}


